@article{5e9a8c54c6c246458efefac0c8daecad,
	title = "Entanglement and the foundations of statistical mechanics",
	author = "Sandu Popescu and Short, {Anthony J.} and Andreas Winter",
	note = "Publisher: Nature Publishing Group Other identifier: IDS number 111TL",
	year = "2006",
	month = "11",
	doi = "10.1038/nphys444",
	volume = "2",
	pages = "754--758",
	journal = "Nature Physics",
	issn = "1745-2473",
	number = "11",	
}

